@webpage{rubyinterview,
	author = {Bruce Stewart},
    title = {An {I}nterview with the {C}reator of {R}uby},
   	month = {November},
    year = {2001},
	note = {URL: \url{http://www.linuxdevcenter.com/pub/a/linux/2001/11/29/ruby.html}},
    annote = {This is a transcript of an interview with {R}uby creator {Y}ukihiro {M}atsumoto. I use content from this article when discussing his design choices and personal philosophies, as his own feelings directly influenced the way he created the language.}
}


@ONLINE {tiobe2017,
    title  = {TIOBE {I}ndex},
    month  = {September},
    year   = {2017},
    note    = {URL: \url{https://www.tiobe.com/tiobe-index//}}
}

@online{generalRb,
	title = {{A}bout {R}uby},
    note = {URL: \url{https://www.ruby-lang.org/en/about/}},
    annote = {Ruby's official about page. {C}ontains basic information about {R}uby itself as well as its creator, {Y}ukihiro {M}atsumoto.}
}

@online{rbvars,
	title = {Ruby - {V}ariables, {C}onstants and {L}iterals},
    note = {URL: \url{https://www.tutorialspoint.com/ruby/ruby_variables.htm}},
    annote = {A tutorial discussing Ruby's variable system.}
}

@online{metasploit,
    title = {Metasploit},
    note = {URL: \url{https://blgtechn.blogspot.com/2012/08/metasploit.html}},
    annote = {An article discussing {M}etasploit, a piece of penetration software written in {R}uby. Used to provide an example of a notable project written in Ruby.}
}


@online{rbhist,
    title = {{R}uby{C}onf: {H}istory of {R}uby},
    month = {October},
    year = {2006},
    note = {URL: \url{http://blog.nicksieger.com/articles/2006/10/20/rubyconf-history-of-ruby/}},
    annote = {This is an article detailing {R}uby's history. {U}sed to discuss {R}uby's evolution and important dates.}
}

@online{earlyhistmatz,
    title = {R{E}: history of ruby},
    author = {Yukihiro Matsumoto},
    month = {June},
    year = {1999},
    note = {URL: \url{http://blade.nagaokaut.ac.jp/cgi-bin/scat.rb/ruby/ruby-talk/382}},
    annote = {A {R}uby{T}alk post in which Matsumoto discusses the history of {R}uby. {U}sed for information about {J}apanese and international releases.}
}

@ONLINE {inheritance,
    author = {Learn Ruby the Hard Way},
    title  = {Lesson 44: Inheritance vs Composition},
    note    = {URL: \url{https://learnrubythehardway.org/book/ex44.html}},
    annote = {A tutorial on inheritance and composition in {R}uby. Useful to learn how to work with single inheritance.}
}
    
@online{rubymisc,
    title = {10 unique ruby language features},
    month = {April},
    year = {2008},
    note = {URL: \url{http://www.rubytips.org/2008/04/07/10-unique-ruby-language-features/}},
    annote = {A list of 10 small but interesting {R}uby features. Provides information on those facets of {R}uby that would not merit their own paragraph.}
}    
    
    
@online{moduletutorial,
    title = {Ruby - Modules and Mixins},
    note = {URL: \url{https://www.tutorialspoint.com/ruby/ruby_modules.htm}},
    annote = {This {T}utorials{P}oint tutorial on {R}uby's modules and mixins describes in detail the uses of modules, especially besides their use in conjunction with mixins.}
}    
    
    
@online{rangetut,
    title = {Ruby - Ranges},
    note = {URL: \url{https://www.tutorialspoint.com/ruby/ruby_ranges.htm}},
    annote = {A {T}utorials{P}oint tutorial that describes using {R}uby's range feature to construct an array.}

}




