@webpage{rubyinterview,
	author = {Bruce Stewart},
    title = {An {I}nterview with the {C}reator of {R}uby},
   	month = {November},
    year = {2001},
	note = {URL: \url{http://www.linuxdevcenter.com/pub/a/linux/2001/11/29/ruby.html}},
    annote = {This is a transcript of an interview with {R}uby creator {Y}ukihiro {M}atsumoto. I use content from this article when discussing his design choices and personal philosophies, as his own feelings directly influenced the way he created the language.}
}


@ONLINE {tiobe2017,
    title  = {TIOBE {I}ndex},
    month  = {September},
    year   = {2017},
    note    = {URL: \url{https://www.tiobe.com/tiobe-index//}}
}

@online{generalRb,
	title = {{A}bout {R}uby},
    note = {URL: \url{https://www.ruby-lang.org/en/about/}},
    annote = {Ruby's official about page. {C}ontains basic information about {R}uby itself as well as its creator, {Y}ukihiro {M}atsumoto.}
}

@online{rbvars,
	title = {Ruby - {V}ariables, {C}onstants and {L}iterals},
    note = {URL: \url{https://www.tutorialspoint.com/ruby/ruby_variables.htm}},
    annote = {A tutorial discussing Ruby's variable system.}
}

@online{metasploit,
    title = {Metasploit},
    note = {URL: \url{https://blgtechn.blogspot.com/2012/08/metasploit.html}},
    annote = {An article discussing {M}etasploit, a piece of penetration software written in {R}uby. Used to provide an example of a notable project written in Ruby.}
}


@online{rbhist,
    title = {{R}uby{C}onf: {H}istory of {R}uby},
    month = {October},
    year = {2006},
    note = {URL: \url{http://blog.nicksieger.com/articles/2006/10/20/rubyconf-history-of-ruby/}},
    annote = {This is an article detailing {R}uby's history. {U}sed to discuss {R}uby's evolution and important dates.}
}

@online{earlyhistmatz,
    title = {R{E}: history of ruby},
    author = {Yukihiro Matsumoto},
    month = {June},
    year = {1999},
    note = {URL: \url{http://blade.nagaokaut.ac.jp/cgi-bin/scat.rb/ruby/ruby-talk/382}},
    annote = {A {R}uby{T}alk post in which Matsumoto discusses the history of {R}uby. {U}sed for information about {J}apanese and international releases.}
}

@ONLINE {inheritance,
    author = {Learn Ruby the Hard Way},
    title  = {Lesson 44: Inheritance vs Composition},
    note    = {URL: \url{https://learnrubythehardway.org/book/ex44.html}},
    annote = {A tutorial on inheritance and composition in {R}uby. Useful to learn how to work with single inheritance.}
}
    
@online{rubymisc,
    title = {10 unique ruby language features},
    month = {April},
    year = {2008},
    note = {URL: \url{http://www.rubytips.org/2008/04/07/10-unique-ruby-language-features/}},
    annote = {A list of 10 small but interesting {R}uby features. Provides information on those facets of {R}uby that would not merit their own paragraph.}
}    
    
    
@online{moduletutorial,
    title = {Ruby - Modules and Mixins},
    note = {URL: \url{https://www.tutorialspoint.com/ruby/ruby_modules.htm}},
    annote = {This {T}utorials{P}oint tutorial on {R}uby's modules and mixins describes in detail the uses of modules, especially besides their use in conjunction with mixins.}
}    
    
    
@online{rangetut,
    title = {Ruby - Ranges},
    note = {URL: \url{https://www.tutorialspoint.com/ruby/ruby_ranges.htm}},
    annote = {A {T}utorials{P}oint tutorial that describes using {R}uby's range feature to construct an array.}

}

@online {syntut,
    title = {Ruby - Syntax},
    note = {URL: \url{https://www.tutorialspoint.com/ruby/ruby_syntax.htm}},
    annote = {A {T}utorials{P}oint tutorial describing Ruby's basic syntax.}
    
}

@online {darko,
    author = {Darko Gjorgjievski},
    title = {Understanding Scope in Ruby},
    month = {August},
    year = {2015},
    note = {URL: \url{https://www.sitepoint.com/understanding-scope-in-ruby/}},
    annote = {A tutorial discussing how scope works in Ruby. It discusses the levels of scope and how they impact a script.}
}

@online {forumbool,
    author = {Yukihiro Matsumoto},
    title = {Re: Why don't TrueClass and FalseClass share a common Boolean ancestor},
    month = {March},
    year = {2013},
    note = {URL: \url{https://www.ruby-forum.com/topic/4412411}},
    annote = {A forum post by Yukihiro Matsumoto explaining why Ruby doesn't have a specific boolean class.}
}

@online {docsarray,
    title = {Array},
    note = {URL: \url{https://ruby-doc.org/core-2.4.2/Array.html}},
    annote = {Official Ruby documentation page for the Array class}
}

@online {opstut,
    title = {Ruby - Operators},
    note = {URL: \url{https://www.tutorialspoint.com/ruby/ruby_operators.htm}},
    annote = {A TutorialsPoint tutorial about Ruby's operators and operator precedence.}
}

@online {mittag,
    author = {Jorg Mittag},
    title = {What does the "===" operator do in Ruby?},
    month = {January},
    year = {2013},
    note = {URL: \url{https://stackoverflow.com/questions/4467538/what-does-the-operator-do-in-ruby}},
    annote = {A reply to a stackoverflow topic explaining what Ruby's === operator does.}
}

@online {huihoo,
    author = {Yukihiro Matsumoto},
    title = {Ruby Syntax},
    note = {URL: \url{http://docs.huihoo.com/ruby/ruby-man-1.4/syntax.html#exprsub}},
    annote = {A page from a Ruby reference manual that discusses Ruby's basic syntax.}
}

@online{rubydocs,
    title = {Numeric},
    note = {URL: \url{https://ruby-doc.org/core-2.3.0/Numeric.html}},
    annote = {Ruby's documentation page for the Numeric class. Contains links to all subclasses of class Numeric.}
}

@online{opsassociativity,
    title = {Ruby Operator Precedence Table},
    month = {May},
    year = {2014},
    note = {URL: \url{https://stackoverflow.com/questions/21060234/ruby-operator-precedence-table}},
    annote = {A table showing the precedence of Ruby's operators, as well as their associativity}
}
